@article{sdp,
author = {Alan E Gelfand and Athanasios Kottas and Steven N MacEachern},
title = {Bayesian Nonparametric Spatial Modeling With Dirichlet Process Mixing},
journal = {Journal of the American Statistical Association},
volume = {100},
number = {471},
pages = {1021-1035},
year = {2005},
doi = {10.1198/016214504000002078},

URL = { 
        http://dx.doi.org/10.1198/016214504000002078
    
},
eprint = { 
        http://dx.doi.org/10.1198/016214504000002078
    
}

}

@article{escobar,
  title={Bayesian density estimation and inference using mixtures},
  author={Escobar, Michael D and West, Mike},
  journal={Journal of the american statistical association},
  volume={90},
  number={430},
  pages={577--588},
  year={1995},
  publisher={Taylor \& Francis}
}
